<record><leader>00000cas a22000007a 4500</leader><controlfield tag="001">14206394</controlfield><controlfield tag="008">860911d19311986txuwr ne      0    0eng d</controlfield><datafield ind1=" " ind2=" " tag="010"><subfield code="a">sn 86088808 </subfield></datafield><datafield ind1=" " ind2=" " tag="040"><subfield code="a">PPM</subfield><subfield code="b">eng</subfield><subfield code="c">PPM</subfield><subfield code="d">NSD</subfield><subfield code="d">PPM</subfield><subfield code="d">OCLCQ</subfield></datafield><datafield ind1=" " ind2=" " tag="042"><subfield code="a">msc</subfield></datafield><datafield ind1="0" ind2="0" tag="245"><subfield code="a">Matador tribune.</subfield></datafield><datafield ind1=" " ind2=" " tag="260"><subfield code="a">Matador, Tex. :</subfield><subfield code="b">Douglas Meador</subfield></datafield><datafield ind1=" " ind2=" " tag="300"><subfield code="a">v. :</subfield><subfield code="b">ill. ;</subfield><subfield code="c">56 cm.</subfield></datafield><datafield ind1=" " ind2=" " tag="310"><subfield code="a">Weekly</subfield></datafield><datafield ind1="0" ind2=" " tag="362"><subfield code="a">Vol. 1, no. 1 (Dec. 10, 1931)-v. 90, no. 5 (Jan. 30, 1986).</subfield></datafield><datafield ind1=" " ind2=" " tag="515"><subfield code="a">Jan. 30, 1986 issue misdated Jan 31, 1986.</subfield></datafield><datafield ind1=" " ind2=" " tag="752"><subfield code="a">United States</subfield><subfield code="b">Texas</subfield><subfield code="c">Motley</subfield><subfield code="d">Matador.</subfield></datafield><datafield ind1="0" ind2="0" tag="780"><subfield code="t">Roaring Springs news</subfield></datafield><datafield ind1="0" ind2="5" tag="780"><subfield code="t">Motley County news</subfield></datafield><datafield ind1="0" ind2="5" tag="780"><subfield code="t">Roaring Springs reporter</subfield></datafield><datafield ind1="0" ind2="0" tag="785"><subfield code="t">Motley Co. tribune</subfield><subfield code="x">0897-4322</subfield><subfield code="w">(DLC)sn 86089043</subfield></datafield></record>